@inproceedings{haas2017bringing,
  title={Bringing the web up to speed with WebAssembly},
  author={Haas, Andreas and Rossberg, Andreas and Schuff, Derek L and Titzer, Ben L and Holman, Michael and Gohman, Dan and Wagner, Luke and Zakai, Alon and Bastien, JF},
  booktitle={Proceedings of the 38th ACM SIGPLAN Conference on Programming Language Design and Implementation},
  pages={185--200},
  year={2017}
}

@inproceedings{serebryany2012addresssanitizer,
  title={$\{$AddressSanitizer$\}$: A fast address sanity checker},
  author={Serebryany, Konstantin and Bruening, Derek and Potapenko, Alexander and Vyukov, Dmitriy},
  booktitle={2012 USENIX annual technical conference (USENIX ATC 12)},
  pages={309--318},
  year={2012}
}

@techreport{Qualcomm2017PointerAuth,
  title = {Pointer Authentication on ARMv8.3: Design and Analysis of the New Software Security Instructions},
  author = {{Qualcomm Technologies, Inc.}},
  year = {2017},
  type = {{White Paper}},
  note = {Accessed: 2023-12-14},
  url = {https://www.qualcomm.com/content/dam/qcomm-martech/dm-assets/documents/pointer-auth-v7.pdf}
}

@techreport{ARM2019MTE,
  title = {Armv8.5-A Memory Tagging Extension},
  author = {{ARM Ltd.}},
  year = {2019},
  type = {{White Paper}},
  note = {Accessed: 2023-12-14},
  url = {https://developer.arm.com/documentation/102925/latest/}
}

@inproceedings{lehmann2020everything,
  title={Everything old is new again: Binary security of {WebAssembly}},
  author={Lehmann, Daniel and Kinder, Johannes and Pradel, Michael},
  booktitle={29th USENIX Security Symposium (USENIX Security 20)},
  pages={217--234},
  year={2020}
}

@MISC{CVE-2023-4863,
  title = {{CVE}-2023-4863},
  howpublished = "Available from NIST National Vulnerability Database, {CVE-ID} {CVE}-2023-4863.",
  year = {2023},
  url={https://nvd.nist.gov/vuln/detail/CVE-2023-4863},
  urldate={19 April 2015}
}
